@article{mcintosh2016empirical,
  title={An empirical study of the impact of modern code review practices on software quality},
  author={McIntosh, Shane and Kamei, Yasutaka and Adams, Bram and Hassan, Ahmed E},
  journal={Empirical Software Engineering},
  volume={21},
  number={5},
  pages={2146--2189},
  year={2016},
  publisher={Springer}
}

@inproceedings{morales2015code,
  title={Do code review practices impact design quality? a case study of the qt, vtk, and itk projects},
  author={Morales, Rodrigo and McIntosh, Shane and Khomh, Foutse},
  booktitle={2015 IEEE 22nd International Conference on Software Analysis, Evolution, and Reengineering (SANER)},
  pages={171--180},
  year={2015},
  organization={IEEE}
}

@incollection{baysal2015synthesizing,
  title={Synthesizing Knowledge from Software Development Artifacts},
  author={Baysal, Olga and Kononenko, Oleksii and Holmes, Reid and Godfrey, Michael W},
  booktitle={The Art and Science of Analyzing Software Data},
  pages={73--84},
  year={2015},
  publisher={Elsevier}
}

@inproceedings{baysal2013influence,
  title={The influence of non-technical factors on code review},
  author={Baysal, Olga and Kononenko, Oleksii and Holmes, Reid and Godfrey, Michael W},
  booktitle={2013 20th Working Conference on Reverse Engineering (WCRE)},
  pages={122--131},
  year={2013},
  organization={IEEE}
}

@inproceedings{baysal2012secret,
  title={The secret life of patches: A firefox case study},
  author={Baysal, Olga and Kononenko, Oleksii and Holmes, Reid and Godfrey, Michael W},
  booktitle={2012 19th Working Conference on Reverse Engineering},
  pages={447--455},
  year={2012},
  organization={IEEE}
}

@inproceedings{kononenko2015investigating,
  title={Investigating code review quality: Do people and participation matter?},
  author={Kononenko, Oleksii and Baysal, Olga and Guerrouj, Latifa and Cao, Yaxin and Godfrey, Michael W},
  booktitle={2015 IEEE international conference on software maintenance and evolution (ICSME)},
  pages={111--120},
  year={2015},
  organization={IEEE}
}

@inproceedings{kononenko2018studying,
  title={Studying pull request merges: a case study of shopify's active merchant},
  author={Kononenko, Oleksii and Rose, Tresa and Baysal, Olga and Godfrey, Michael and Theisen, Dennis and De Water, Bart},
  booktitle={Proceedings of the 40th International Conference on Software Engineering: Software Engineering in Practice},
  pages={124--133},
  year={2018},
  organization={ACM}
}

@article{wang2019my,
  title={Why is my code change abandoned?},
  author={Wang, Qingye and Xia, Xin and Lo, David and Li, Shanping},
  journal={Information and Software Technology},
  volume={110},
  pages={108--120},
  year={2019},
  publisher={Elsevier}
}

@electronic{mozilla_super_review,
  author        = "Mozilla",
  title         = "Code Review FAQ",
  url           = "https://developer.mozilla.org/en-US/docs/Mozilla/Developer_guide/Code_Review_FAQ",
  urldate       = {2020-01-03},
}